001  0000080
005  20170527134244.934
008  170527s||||     bl|||||||||||||||||por|u
020    $a9788578277031
040    $aPorto Alegre$bpor
100 1  $aHooks, Bell
245 10 $aEnsinando a transgredir$ba educação como prática da liberdade$cBell Hooks
260    $aSão Paulo$bEditora WMF Martins Fontes$c2013
300    $a283 p.
600 0  $aBell Hooks
600 0  $aPaulo Freire
650    $aEducação
650    $aEnsino
650    $aFeminismo
650    $aPedagogia
